<?xml version="1.0" encoding="UTF-8"?><collection xmlns="http://www.loc.gov/MARC21/slim"><record><leader>00526nam--2200169-i-4500</leader><controlfield tag="001">000030618</controlfield><controlfield tag="002">20161230</controlfield><controlfield tag="005">20161230201038</controlfield><controlfield tag="008">060222s1000------------r-----000-0-eng-d</controlfield><datafield ind1=" " ind2=" " tag="040"><subfield code="a">IFIN-HH</subfield></datafield><datafield ind1=" " ind2=" " tag="080"><subfield code="a">546.662:546.832:015:539.163</subfield></datafield><datafield ind1="1" ind2=" " tag="100"><subfield code="a">Little, Paul Edward</subfield></datafield><datafield ind1="1" ind2="0" tag="245"><subfield code="a">Directional correlation and decay scheme studies of 178hf and 156gd</subfield><subfield code="b">Dissertation</subfield><subfield code="c">Paul edward little</subfield></datafield><datafield ind1=" " ind2=" " tag="260"><subfield code="a">Ann Arbor, Michigan</subfield><subfield code="b">University Microfilms</subfield><subfield code="c">1970</subfield></datafield><datafield ind1=" " ind2=" " tag="300"><subfield code="a">210P</subfield></datafield><datafield ind1=" " ind2=" " tag="852"><subfield code="a">37869</subfield><subfield code="c">539.163</subfield></datafield><datafield ind1=" " ind2=" " tag="CAT"><subfield code="a">Sys</subfield><subfield code="c">20120517</subfield><subfield code="h">202417</subfield></datafield></record></collection>